<?xml version="1.0" encoding="UTF-8"?><record xmlns="http://www.loc.gov/MARC21/slim" xmlns:cinclude="http://apache.org/cocoon/include/1.0" xmlns:zs="http://www.loc.gov/zing/srw/">
  <leader>00749nz  a2200205n  4500</leader>
  <controlfield tag="001">n 2004021423</controlfield>
  <controlfield tag="003">DLC</controlfield>
  <controlfield tag="005">20040130083102.0</controlfield>
  <controlfield tag="008">040130n| acaaaaaan          |a ana      </controlfield>
  <datafield tag="010" ind1=" " ind2=" ">
    <subfield code="a">n 2004021423</subfield>
  </datafield>
  <datafield tag="040" ind1=" " ind2=" ">
    <subfield code="a">DLC</subfield>
    <subfield code="b">eng</subfield>
    <subfield code="c">DLC</subfield>
  </datafield>
  <datafield tag="022" ind1=" " ind2=" ">
    <subfield code="a">0393-6317</subfield>
  </datafield>
  <datafield tag="130" ind1=" " ind2="0">
    <subfield code="a">RT/STUDI</subfield>
  </datafield>
  <datafield tag="410" ind1="2" ind2="0">
    <subfield code="a">ENEA (Agency : Italy).</subfield>
    <subfield code="t">RT/STUDI</subfield>
  </datafield>
  <datafield tag="642" ind1=" " ind2=" ">
    <subfield code="a">2000/1</subfield>
    <subfield code="5">DLC</subfield>
  </datafield>
  <datafield tag="643" ind1=" " ind2=" ">
    <subfield code="a">Roma</subfield>
    <subfield code="b">ENEA, Ente per le nuove tecnologie l'energia e l'ambiente</subfield>
  </datafield>
  <datafield tag="644" ind1=" " ind2=" ">
    <subfield code="a">n</subfield>
    <subfield code="5">DLC</subfield>
  </datafield>
  <datafield tag="645" ind1=" " ind2=" ">
    <subfield code="a">t</subfield>
    <subfield code="5">DLC</subfield>
  </datafield>
  <datafield tag="667" ind1=" " ind2=" ">
    <subfield code="a">Technical report. Generally, issues of this series are uncataloged in LC; they are in the Science, Technology and Business Division.</subfield>
  </datafield>
  <datafield tag="670" ind1=" " ind2=" ">
    <subfield code="a">Alessi, M. La riconversione delle tecnologie militari e le opportunitaĚ per l'industria Italiana, 2000:</subfield>
    <subfield code="b">t.p. (RT/STUDI)</subfield>
  </datafield>
</record>